@misc{Spark_doc_fig,
  howpublished =
  {\url{https://spark.apache.org/docs/1.3.1/img/streaming-flow.png}},
  note =          {(Visited on 06/10/2015)},
  title =         {streaming-flow.png (1071x239)},
  year =          {2015},
}

@misc{web:synchrotron,
  howpublished =  {\mbox{\url{https://www.synchrotron.org.au}}},
  month =         {August},
  title =         {Australian {S}ynchrotron},
  year =          {2014},
}

@misc{web:LHC,
  howpublished =
  {\mbox{\url{http://home.web.cern.ch/topics/large-hadron-collider}}},
  month =         {August},
  title =         {The {L}arge {H}adron {C}ollider | {CERN}},
  year =          {2014},
}

@misc{web:Amazon,
  howpublished =  {\mbox{\url{http://www.amazon.com}}},
  month =         {August},
  title =         {Amazon.com: {O}nline {S}hopping for {E}lectronics,
                   {A}pparel, {C}omputers, {B}ooks, {DVD}s \& more},
  year =          {2014},
}

@incollection{bohlouli_towards_2013,
  author =        {Bohlouli, Mahdi and Schulz, Frank and
                   Angelis, Lefteris and Pahor, David and Brandic, Ivona and
                   Atlan, David and Tate, Rosemary},
  booktitle =     {Integration of Practice-Oriented Knowledge
                   Technology: Trends and Prospectives},
  pages =         {47--56},
  publisher =     {Springer},
  title =         {Towards an integrated platform for big data analysis},
  year =          {2013},
  url =           {http://link.springer.com.ezproxy.lib.monash.edu.au/chapter/
                  10.1007/978-3-642-34471-8_4},
}

@misc{web:monash_irt,
  howpublished =  {\url{https://platforms.monash.edu/irt/}},
  month =         {March},
  note =          {(Visited on 2015-05-09)},
  title =         {Institute of Railway Technology},
  year =          {2014},
}

@misc{web:Storm,
  howpublished =  {\mbox{\url{http://storm-project.net}}},
  month =         {November},
  title =         {Storm, distributed and fault-tolerant realtime
                   computation},
  year =          {2013},
}

@misc{web:SparkStreaming,
  howpublished =  {\mbox{\url{https://spark.apache.org/streaming/}}},
  title =         {Spark {S}treaming | {A}pache {S}park},
  year =          {2014},
}

@misc{web:UCBerkelyAMCLab,
  howpublished =  {\mbox{\url{https://amplab.cs.berkeley.edu}}},
  title =         {AMPLab - {UC} {B}erkeley | {A}lgorithms, {M}achines
                   and {P}eople {L}ab},
  year =          {2014},
}

@misc{web:Spark,
  howpublished =  {\mbox{\url{https://spark.apache.org}}},
  title =         {Apache {S}park\texttrademark -- {L}ightning-{F}ast
                   {C}luster {C}omputing},
  year =          {2014},
}

@inproceedings{liu_survey_2014,
  address =       {New York, {NY}, {USA}},
  author =        {Liu, Xiufeng and Iftikhar, Nadeem and Xie, Xike},
  booktitle =     {Proceedings of the 18th International Database
                   Engineering \&\#38; Applications Symposium},
  pages =         {356--361},
  publisher =     {{ACM}},
  series =        {{IDEAS} '14},
  title =         {Survey of Real-time Processing Systems for Big Data},
  year =          {2014},
  doi =           {10.1145/2628194.2628251},
  isbn =          {978-1-4503-2627-8},
  url =           {http://doi.acm.org.ezproxy.lib.monash.edu.au/10.1145/
                  2628194.2628251},
}

@book{marz2013principles,
  address =       {[S.l.]},
  author =        {Marz, Nathan},
  publisher =     {O'Reilly Media},
  title =         {Big data : principles and best practices of scalable
                   realtime data systems},
  year =          {2013},
  isbn =          {1617290343 9781617290343},
  url =           {http://www.amazon.de/Big-Data-Principles-Practices-Scalable/
                  dp/1617290343},
}

@article{bifet_mining_2013,
  author =        {Bifet, Albert},
  journal =       {Informatica},
  month =         mar,
  number =        {1},
  pages =         {15+},
  title =         {Mining big data in real time},
  volume =        {37},
  year =          {2013},
  issn =          {03505596},
  language =      {English},
  url =           {http://go.galegroup.com/ps/
  i.do?id=GALE%7CA329730435&v=2.1&u=monash&it=r&p=AONE&sw=w&asid=43dd70afff364e9b2d73c1537dfe198a},
}

@inproceedings{ghemawat_google_2003,
  address =       {New York, {NY}, {USA}},
  author =        {Ghemawat, Sanjay and Gobioff, Howard and
                   Leung, Shun-Tak},
  booktitle =     {Proceedings of the Nineteenth {ACM} Symposium on
                   Operating Systems Principles},
  pages =         {29--43},
  publisher =     {{ACM}},
  series =        {{SOSP} '03},
  title =         {The Google File System},
  year =          {2003},
  doi =           {10.1145/945445.945450},
  isbn =          {1-58113-757-5},
  url =           {http://doi.acm.org.ezproxy.lib.monash.edu.au/10.1145/
                  945445.945450},
}

@article{dean_mapreduce:_2008,
  author =        {Dean, Jeffrey and Ghemawat, Sanjay},
  journal =       {Commun. {ACM}},
  month =         jan,
  number =        {1},
  pages =         {107--113},
  title =         {{MapReduce}: Simplified Data Processing on Large
                   Clusters},
  volume =        {51},
  year =          {2008},
  doi =           {10.1145/1327452.1327492},
  issn =          {0001-0782},
  url =           {http://doi.acm.org.ezproxy.lib.monash.edu.au/10.1145/
                  1327452.1327492},
}

@inproceedings{shvachko_hadoop_2010,
  author =        {Shvachko, K. and Kuang, Hairong and Radia, S. and
                   Chansler, R.},
  booktitle =     {2010 {IEEE} 26th Symposium on Mass Storage Systems
                   and Technologies ({MSST})},
  month =         may,
  pages =         {1--10},
  title =         {The Hadoop Distributed File System},
  year =          {2010},
  doi =           {10.1109/MSST.2010.5496972},
}

@article{gates_building_2009,
  author =        {Gates, Alan F. and Natkovich, Olga and
                   Chopra, Shubham and Kamath, Pradeep and
                   Narayanamurthy, Shravan M. and Olston, Christopher and
                   Reed, Benjamin and Srinivasan, Santhosh and
                   Srivastava, Utkarsh},
  journal =       {Proc. {VLDB} Endow.},
  month =         aug,
  number =        {2},
  pages =         {1414--1425},
  title =         {Building a High-level Dataflow System on Top of
                   Map-Reduce: The Pig Experience},
  volume =        {2},
  year =          {2009},
  doi =           {10.14778/1687553.1687568},
  issn =          {2150-8097},
  url =           {http://dx.doi.org.ezproxy.lib.monash.edu.au/10.14778/
                  1687553.1687568},
}

@inproceedings{thusoo_hive_2010,
  author =        {Thusoo, A and Sarma, J.S. and Jain, N. and
                   Shao, Zheng and Chakka, P. and Zhang, Ning and
                   Antony, S. and Liu, Hao and Murthy, R.},
  booktitle =     {2010 {IEEE} 26th International Conference on Data
                   Engineering ({ICDE})},
  month =         mar,
  pages =         {996--1005},
  title =         {Hive - a petabyte scale data warehouse using Hadoop},
  year =          {2010},
  doi =           {10.1109/ICDE.2010.5447738},
}

@inproceedings{olston_pig_2008,
  address =       {New York, {NY}, {USA}},
  author =        {Olston, Christopher and Reed, Benjamin and
                   Srivastava, Utkarsh and Kumar, Ravi and
                   Tomkins, Andrew},
  booktitle =     {Proceedings of the 2008 {ACM} {SIGMOD} International
                   Conference on Management of Data},
  pages =         {1099--1110},
  publisher =     {{ACM}},
  series =        {{SIGMOD} '08},
  title =         {Pig Latin: A Not-so-foreign Language for Data
                   Processing},
  year =          {2008},
  doi =           {10.1145/1376616.1376726},
  isbn =          {978-1-60558-102-6},
  url =           {http://doi.acm.org.ezproxy.lib.monash.edu.au/10.1145/
                  1376616.1376726},
}

@inproceedings{vavilapalli_apache_2013,
  address =       {New York, {NY}, {USA}},
  author =        {Vavilapalli, Vinod Kumar and Murthy, Arun C. and
                   Douglas, Chris and Agarwal, Sharad and Konar, Mahadev and
                   Evans, Robert and Graves, Thomas and Lowe, Jason and
                   Shah, Hitesh and Seth, Siddharth and Saha, Bikas and
                   Curino, Carlo and O'Malley, Owen and Radia, Sanjay and
                   Reed, Benjamin and Baldeschwieler, Eric},
  booktitle =     {Proceedings of the 4th Annual Symposium on Cloud
                   Computing},
  pages =         {5:1--5:16},
  publisher =     {{ACM}},
  series =        {{SOCC} '13},
  title =         {Apache Hadoop {YARN}: Yet Another Resource
                   Negotiator},
  year =          {2013},
  doi =           {10.1145/2523616.2523633},
  isbn =          {978-1-4503-2428-1},
  url =           {http://doi.acm.org.ezproxy.lib.monash.edu.au/10.1145/
                  2523616.2523633},
}

@article{harrison_hadoops_2012,
  author =        {Harrison, Guy},
  journal =       {Database Trends and Applications},
  month =         dec,
  number =        {4},
  pages =         {39},
  title =         {Hadoop's Next-Generation {YARN}},
  volume =        {26},
  year =          {2012},
  issn =          {1547-9897},
  language =      {English},
  url =           {http://search.proquest.com.ezproxy.lib.monash.edu.au/
                  docview/1265616176?accountid=12528},
}

@article{kamburugamuve_survey_2014,
  author =        {Kamburugamuve, Supun and Fox, Geoffrey and
                   Leake, David and Qiu, Judy},
  title =         {Survey of Distributed Stream Processing for Large
                   Stream Sources},
  year =          {2014},
  url =           {http://www.sics.se/~amir/files/download/dic/
  2013%20-%20Survey%20of%20Distributed%20Stream%20Processing%20for%20Large%20Stream%20Sources.pdf},
}

@inproceedings{toshniwal_stormtwitter_2014,
  address =       {New York, {NY}, {USA}},
  author =        {Toshniwal, Ankit and Taneja, Siddarth and
                   Shukla, Amit and Ramasamy, Karthik and
                   Patel, Jignesh M. and Kulkarni, Sanjeev and
                   Jackson, Jason and Gade, Krishna and Fu, Maosong and
                   Donham, Jake and Bhagat, Nikunj and Mittal, Sailesh and
                   Ryaboy, Dmitriy},
  booktitle =     {Proceedings of the 2014 {ACM} {SIGMOD} International
                   Conference on Management of Data},
  pages =         {147–156},
  publisher =     {{ACM}},
  series =        {{SIGMOD} '14},
  title =         {Storm@{T}witter},
  year =          {2014},
  doi =           {10.1145/2588555.2595641},
  isbn =          {978-1-4503-2376-5},
  url =           {http://doi.acm.org.ezproxy.lib.monash.edu.au/10.1145/
                  2588555.2595641},
}

@misc{web:Samza,
  howpublished =  {\mbox{\url{http://samza.incubator.apache.org}}},
  title =         {Samza},
  year =          {2014},
}

@inproceedings{darby2003development,
  author =        {Darby, M and Alvarez, E and McLeod, J and Tew, G and
                   Crew, G},
  booktitle =     {AusRAIL PLUS 2003, 17-19 November 2003, Sydney, NSW,
                   Australia},
  title =         {The development of an instrumented wagon for
                   continuously monitoring track condition},
  year =          {2003},
}

@inproceedings{darby2005track,
  author =        {Darby, Michael and Alvarez, Eugenio and McLeod, John and
                   Tew, Graham and Crew, Gregory and others},
  booktitle =     {Proceedings of 9th International Heavy Haul
                   Association Conference},
  pages =         {1--1},
  title =         {Track condition monitoring: the next generation},
  volume =        {1},
  year =          {2005},
}

@inproceedings{thomas2012taking,
  author =        {Thomas, Simon and Hardie, Glenn and
                   Thompson, Cameron},
  booktitle =     {CORE 2012: Global Perspectives; Conference on railway
                   engineering, 10-12 September 2012, Brisbane,
                   Australia},
  organization =  {Engineers Australia},
  pages =         {707},
  title =         {Taking the guesswork out of speed restriction},
  year =          {2012},
}

@misc{web:Nectar,
  howpublished =  {\mbox{\url{http://www.nectar.org.au}}},
  month =         {August},
  title =         {home | {NeCTAR}},
  year =          {2014},
}

@article{st2009examining,
  author =        {St Amant, Kirk and Ulijn, Jan M},
  journal =       {Professional Communication, IEEE Transactions on},
  number =        {3},
  pages =         {225--228},
  publisher =     {IEEE},
  title =         {Examining the Information Economy: Exploring the
                   Overlap between Professional Communication Activities
                   and Information-Management Practices},
  volume =        {52},
  year =          {2009},
}

@article{lievesley1993increasing,
  author =        {Lievesley, Denise},
  journal =       {BLRD REPORTS},
  pages =         {205--205},
  publisher =     {BRITISH LIBRARY BOSTON SPA},
  title =         {Increasing the value of data},
  volume =        {6122},
  year =          {1993},
}

@article{darlin2006airfares,
  author =        {Darlin, DAMON},
  journal =       {The New York Times},
  pages =         {B1},
  title =         {Airfares made easy (or easier)},
  volume =        {1},
  year =          {2006},
}

@inproceedings{ritterman2009using,
  author =        {Ritterman, Joshua and Osborne, Miles and Klein, Ewan},
  booktitle =     {1st international workshop on mining social media},
  title =         {Using prediction markets and Twitter to predict a
                   swine flu pandemic},
  volume =        {9},
  year =          {2009},
}

@book{mayer2013big,
  author =        {Mayer-Sch{\"o}nberger, V. and Cukier, K.},
  publisher =     {Houghton Mifflin Harcourt},
  series =        {An Eamon Dolan book},
  title =         {Big Data: A Revolution that Will Transform how We
                   Live, Work, and Think},
  year =          {2013},
  isbn =          {9780544002692},
}

@article{codd1970relational,
  author =        {Codd, Edgar F},
  journal =       {Communications of the ACM},
  number =        {6},
  pages =         {377--387},
  publisher =     {ACM},
  title =         {A relational model of data for large shared data
                   banks},
  volume =        {13},
  year =          {1970},
}

@article{astrahan1976system,
  author =        {Astrahan, Morton M. and Blasgen, Mike W. and
                   Chamberlin, Donald D. and Eswaran, Kapali P. and
                   Gray, JN and Griffiths, Patricia P. and King, W Frank and
                   Lorie, Raymond A. and McJones, Paul R. and
                   Mehl, James W. and others},
  journal =       {ACM Transactions on Database Systems (TODS)},
  number =        {2},
  pages =         {97--137},
  publisher =     {ACM},
  title =         {System R: relational approach to database management},
  volume =        {1},
  year =          {1976},
}

@inproceedings{chamberlin1974sequel,
  author =        {Chamberlin, Donald D and Boyce, Raymond F},
  booktitle =     {Proceedings of the 1974 ACM SIGFIDET (now SIGMOD)
                   workshop on Data description, access and control},
  organization =  {ACM},
  pages =         {249--264},
  title =         {SEQUEL: A structured English query language},
  year =          {1974},
}

@inproceedings{agrawal2011big,
  author =        {Agrawal, Divyakant and Das, Sudipto and
                   El Abbadi, Amr},
  booktitle =     {Proceedings of the 14th International Conference on
                   Extending Database Technology},
  organization =  {ACM},
  pages =         {530--533},
  title =         {Big data and cloud computing: current state and
                   future opportunities},
  year =          {2011},
}

@article{lammel2008google,
  author =        {L{\"a}mmel, Ralf},
  journal =       {Science of computer programming},
  number =        {1},
  pages =         {1--30},
  publisher =     {Elsevier},
  title =         {Google’s MapReduce programming model—Revisited},
  volume =        {70},
  year =          {2008},
}

@inproceedings{hickey2008clojure,
  author =        {Hickey, Rich},
  booktitle =     {Proceedings of the 2008 symposium on Dynamic
                   languages},
  organization =  {ACM},
  pages =         {1},
  title =         {The clojure programming language},
  year =          {2008},
}

@article{su2014changing,
  author =        {Su, Xueyuan and Swart, Garret and Goetz, Brian and
                   Oliver, Brian and Sandoz, Paul},
  journal =       {Proceedings of the VLDB Endowment},
  number =        {13},
  title =         {Changing {E}ngines in {M}idstream: A {J}ava {S}tream
                   {C}omputational {M}odel for {B}ig {D}ata
                   {P}rocessing},
  volume =        {7},
  year =          {2014},
}

@inproceedings{yang2007map,
  author =        {Yang, Hung-chih and Dasdan, Ali and Hsiao, Ruey-Lung and
                   Parker, D Stott},
  booktitle =     {Proceedings of the 2007 ACM SIGMOD international
                   conference on Management of data},
  organization =  {ACM},
  pages =         {1029--1040},
  title =         {Map-reduce-merge: simplified relational data
                   processing on large clusters},
  year =          {2007},
}

@inproceedings{condie2010online,
  author =        {Condie, Tyson and Conway, Neil and Alvaro, Peter and
                   Hellerstein, Joseph M and Gerth, John and
                   Talbot, Justin and Elmeleegy, Khaled and
                   Sears, Russell},
  booktitle =     {Proceedings of the 2010 ACM SIGMOD International
                   Conference on Management of data},
  organization =  {ACM},
  pages =         {1115--1118},
  title =         {Online aggregation and continuous query support in
                   mapreduce},
  year =          {2010},
}

@article{dean2010mapreduce,
  author =        {Dean, Jeffrey and Ghemawat, Sanjay},
  journal =       {Communications of the ACM},
  number =        {1},
  pages =         {72--77},
  publisher =     {ACM},
  title =         {MapReduce: a flexible data processing tool},
  volume =        {53},
  year =          {2010},
}

@inproceedings{pavlo2009comparison,
  author =        {Pavlo, Andrew and Paulson, Erik and Rasin, Alexander and
                   Abadi, Daniel J and DeWitt, David J and
                   Madden, Samuel and Stonebraker, Michael},
  booktitle =     {Proceedings of the 2009 ACM SIGMOD International
                   Conference on Management of data},
  organization =  {ACM},
  pages =         {165--178},
  title =         {A comparison of approaches to large-scale data
                   analysis},
  year =          {2009},
}

@article{mckusick2009gfs,
  author =        {McKusick, Marshall K and Quinlan, Sean},
  journal =       {ACM Queue},
  number =        {7},
  pages =         {10},
  title =         {{GFS}: Evolution on {F}ast-forward.},
  volume =        {7},
  year =          {2009},
}

@article{grossman2009varieties,
  author =        {Grossman, Robert L and Gu, Yunhong},
  journal =       {IEEE Data Eng. Bull.},
  number =        {1},
  pages =         {44--50},
  title =         {On the Varieties of Clouds for Data Intensive
                   Computing.},
  volume =        {32},
  year =          {2009},
}

@misc{hadoop_committers,
  author =        {Hadoop.apache.org,},
  howpublished =
  {\url{https://hadoop.apache.org/who.html#Hadoop+Committers}},
  title =         {Who We Are},
  year =          {2014},
}

@inproceedings{shvachko2010hadoop,
  author =        {Shvachko, Konstantin and Kuang, Hairong and
                   Radia, Sanjay and Chansler, Robert},
  booktitle =     {Mass Storage Systems and Technologies (MSST), 2010
                   IEEE 26th Symposium on},
  organization =  {IEEE},
  pages =         {1--10},
  title =         {The hadoop distributed file system},
  year =          {2010},
}

@article{borthakur2007hadoop,
  author =        {Borthakur, Dhruba},
  journal =       {Hadoop Project Website},
  pages =         {21},
  title =         {The hadoop distributed file system: Architecture and
                   design},
  volume =        {11},
  year =          {2007},
}

@article{taylor2010overview,
  author =        {Taylor, Ronald C},
  journal =       {BMC bioinformatics},
  number =        {Suppl 12},
  pages =         {S1},
  publisher =     {BioMed Central Ltd},
  title =         {An overview of the Hadoop/MapReduce/HBase framework
                   and its current applications in bioinformatics},
  volume =        {11},
  year =          {2010},
}

@inproceedings{xin2013graphx,
  author =        {Xin, Reynold S and Gonzalez, Joseph E and
                   Franklin, Michael J and Stoica, Ion},
  booktitle =     {First International Workshop on Graph Data Management
                   Experiences and Systems},
  organization =  {ACM},
  pages =         {2},
  title =         {Graphx: A resilient distributed graph system on
                   spark},
  year =          {2013},
}

@inproceedings{yang2013big,
  author =        {Yang, Wenjie and Liu, Xingang and Zhang, Lan and
                   Yang, Laurence T},
  booktitle =     {Trust, Security and Privacy in Computing and
                   Communications (TrustCom), 2013 12th IEEE
                   International Conference on},
  organization =  {IEEE},
  pages =         {1784--1787},
  title =         {Big Data Real-Time Processing Based on Storm},
  year =          {2013},
}

@article{borthakur2008hdfs,
  author =        {Borthakur, Dhruba},
  journal =       {Hadoop Apache Project},
  pages =         {53},
  title =         {HDFS architecture guide},
  year =          {2008},
}

@article{thusoo2009hive,
  author =        {Thusoo, Ashish and Sarma, Joydeep Sen and Jain, Namit and
                   Shao, Zheng and Chakka, Prasad and Anthony, Suresh and
                   Liu, Hao and Wyckoff, Pete and Murthy, Raghotham},
  journal =       {Proceedings of the VLDB Endowment},
  number =        {2},
  pages =         {1626--1629},
  publisher =     {VLDB Endowment},
  title =         {Hive: a warehousing solution over a map-reduce
                   framework},
  volume =        {2},
  year =          {2009},
}

@inproceedings{thusoo2010hive,
  author =        {Thusoo, Ashish and Sarma, Joydeep Sen and Jain, Namit and
                   Shao, Zheng and Chakka, Prasad and Zhang, Ning and
                   Antony, Suresh and Liu, Hao and Murthy, Raghotham},
  booktitle =     {Data Engineering (ICDE), 2010 IEEE 26th International
                   Conference on},
  organization =  {IEEE},
  pages =         {996--1005},
  title =         {Hive-a petabyte scale data warehouse using hadoop},
  year =          {2010},
}

@inproceedings{thusoo2010data,
  author =        {Thusoo, Ashish and Shao, Zheng and Anthony, Suresh and
                   Borthakur, Dhruba and Jain, Namit and
                   Sen Sarma, Joydeep and Murthy, Raghotham and
                   Liu, Hao},
  booktitle =     {Proceedings of the 2010 ACM SIGMOD International
                   Conference on Management of data},
  organization =  {ACM},
  pages =         {1013--1020},
  title =         {Data warehousing and analytics infrastructure at
                   facebook},
  year =          {2010},
}

@inproceedings{borthakur2011apache,
  author =        {Borthakur, Dhruba and Gray, Jonathan and
                   Sarma, Joydeep Sen and Muthukkaruppan, Kannan and
                   Spiegelberg, Nicolas and Kuang, Hairong and
                   Ranganathan, Karthik and Molkov, Dmytro and
                   Menon, Aravind and Rash, Samuel and others},
  booktitle =     {Proceedings of the 2011 ACM SIGMOD International
                   Conference on Management of data},
  organization =  {ACM},
  pages =         {1071--1080},
  title =         {Apache Hadoop goes realtime at Facebook},
  year =          {2011},
}

@inproceedings{olston2011nova,
  author =        {Olston, Christopher and Chiou, Greg and
                   Chitnis, Laukik and Liu, Francis and Han, Yiping and
                   Larsson, Mattias and Neumann, Andreas and
                   Rao, Vellanki BN and Sankarasubramanian, Vijayanand and
                   Seth, Siddharth and others},
  booktitle =     {Proceedings of the 2011 ACM SIGMOD International
                   Conference on Management of data},
  organization =  {ACM},
  pages =         {1081--1090},
  title =         {Nova: continuous pig/hadoop workflows},
  year =          {2011},
}

@inproceedings{olston2008pig,
  author =        {Olston, Christopher and Reed, Benjamin and
                   Srivastava, Utkarsh and Kumar, Ravi and
                   Tomkins, Andrew},
  booktitle =     {Proceedings of the 2008 ACM SIGMOD international
                   conference on Management of data},
  organization =  {ACM},
  pages =         {1099--1110},
  title =         {Pig latin: a not-so-foreign language for data
                   processing},
  year =          {2008},
}

@incollection{stewart2011comparing,
  author =        {Stewart, Robert J and Trinder, Phil W and
                   Loidl, Hans-Wolfgang},
  booktitle =     {Advanced Parallel Processing Technologies},
  pages =         {58--72},
  publisher =     {Springer},
  title =         {Comparing high level mapreduce query languages},
  year =          {2011},
}

@article{gates2009building,
  author =        {Gates, Alan F and Natkovich, Olga and Chopra, Shubham and
                   Kamath, Pradeep and Narayanamurthy, Shravan M and
                   Olston, Christopher and Reed, Benjamin and
                   Srinivasan, Santhosh and Srivastava, Utkarsh},
  journal =       {Proceedings of the VLDB Endowment},
  number =        {2},
  pages =         {1414--1425},
  publisher =     {VLDB Endowment},
  title =         {Building a high-level dataflow system on top of
                   {M}ap-{R}educe: the {P}ig experience},
  volume =        {2},
  year =          {2009},
}

@inproceedings{gruenheid2011query,
  author =        {Gruenheid, Anja and Omiecinski, Edward and Mark, Leo},
  booktitle =     {Proceedings of the 15th Symposium on International
                   Database Engineering \& Applications},
  organization =  {ACM},
  pages =         {97--105},
  title =         {Query optimization using column statistics in hive},
  year =          {2011},
}

@misc{hadoop_users,
  author =        {Wiki.apache.org,},
  howpublished =  {\url{https://wiki.apache.org/hadoop/PoweredBy}},
  title =         {Powered{B}y - {H}adoop {W}iki},
  year =          {2014},
}

@misc{industry_bd_survey,
  author =        {Bange, Carsten and Grosser, Timm and
                   Janoschek, Nikolai},
  howpublished =
  {\url{http://www.pmone.com/fileadmin/user_upload/doc/study/BARC_BIG_DATA_SURVEY_EN_final.pdf}},
  journal =       {pmOne - Business Intelligence, Performance Management
                   and Reporting},
  title =         {Big Data Survey Europe - Usage, technology and
                   budgets in European best-practice companies},
  year =          {2013},
}

@inproceedings{vavilapalli2013apache,
  author =        {Vavilapalli, Vinod Kumar and Murthy, Arun C and
                   Douglas, Chris and Agarwal, Sharad and Konar, Mahadev and
                   Evans, Robert and Graves, Thomas and Lowe, Jason and
                   Shah, Hitesh and Seth, Siddharth and others},
  booktitle =     {Proceedings of the 4th annual Symposium on Cloud
                   Computing},
  organization =  {ACM},
  pages =         {5},
  title =         {Apache {H}adoop {YARN}: {Y}et another resource
                   negotiator},
  year =          {2013},
}

@inproceedings{isard2007dryad,
  author =        {Isard, Michael and Budiu, Mihai and Yu, Yuan and
                   Birrell, Andrew and Fetterly, Dennis},
  booktitle =     {ACM SIGOPS Operating Systems Review},
  number =        {3},
  organization =  {ACM},
  pages =         {59--72},
  title =         {Dryad: distributed data-parallel programs from
                   sequential building blocks},
  volume =        {41},
  year =          {2007},
}

@inproceedings{zaharia2010spark,
  author =        {Zaharia, Matei and Chowdhury, Mosharaf and
                   Franklin, Michael J and Shenker, Scott and
                   Stoica, Ion},
  booktitle =     {Proceedings of the 2nd USENIX conference on Hot
                   topics in cloud computing},
  pages =         {10--10},
  title =         {Spark: cluster computing with working sets},
  year =          {2010},
}

@book{murthy2013apache,
  author =        {Murthy, Arun and Vavilapalli, Vinod Kumar and
                   Eadline, Doug and Markham, Jeffrey and
                   Niemiec, Joseph},
  publisher =     {Pearson Education},
  title =         {Apache Hadoop YARN: Moving Beyond MapReduce and Batch
                   Processing with Apache Hadoop 2},
  year =          {2013},
}

@misc{web_tez,
  author =        {Tez.apache.org},
  howpublished =  {\url{http://tez.apache.org}},
  title =         {Apache {T}ez – {W}elcome to {A}pache {T}ez},
  year =          {2014},
}

@article{chun2013reef,
  author =        {Chun, Byung-Gon and Condie, Tyson and Curino, Carlo and
                   Douglas, Chris and Matusevych, Sergiy and
                   Myers, Brandon and Narayanamurthy, Shravan and
                   Ramakrishnan, Raghu and Rao, Sriram and Rosen, Josh and
                   others},
  journal =       {Proceedings of the VLDB Endowment},
  number =        {12},
  pages =         {1370--1373},
  publisher =     {VLDB Endowment},
  title =         {Reef: Retainable evaluator execution framework},
  volume =        {6},
  year =          {2013},
}

@misc{web_storm,
  author =        {Storm.apache.org,},
  howpublished =  {\url{https://storm.apache.org/}},
  title =         {Storm, distributed and fault-tolerant realtime
                   computation},
  year =          {2014},
}

@inproceedings{toshniwal2014storm,
  author =        {Toshniwal, Ankit and Taneja, Siddarth and
                   Shukla, Amit and Ramasamy, Karthik and
                   Patel, Jignesh M and Kulkarni, Sanjeev and
                   Jackson, Jason and Gade, Krishna and Fu, Maosong and
                   Donham, Jake and others},
  booktitle =     {Proceedings of the 2014 ACM SIGMOD international
                   conference on Management of data},
  organization =  {ACM},
  pages =         {147--156},
  title =         {Storm@ twitter},
  year =          {2014},
}

@misc{storm_users,
  howpublished =
  {\url{https://storm.apache.org/documentation/Powered-By.html}},
  title =         {Companies {U}sing {A}pache {S}torm},
  year =          {2014},
}

@misc{web_storm_yarn,
  author =        {GitHub},
  howpublished =  {\url{https://github.com/yahoo/storm-yarn}},
  title =         {yahoo/storm-yarn},
  year =          {2014},
}

@inproceedings{kumar2014architectural,
  author =        {Kumar, Rakesh and Gupta, Neha and Charu, Shilpi and
                   Jangir, Sunil Kumar},
  booktitle =     {National Conference on Innovation in Wireless
                   Communication and Networking Technology--2014,
                   Association with THE INSTITUTION OF ENGINEERS
                   (INDIA)},
  title =         {Architectural Paradigms of Big Data},
  year =          {2014},
}

@misc{web_yahoo_blog,
  author =        {Walker, Jim},
  howpublished =
  {\url{http://hortonworks.com/blog/streaming-in-hadoop-yahoo-release-storm-yarn/}},
  journal =       {Hortonworks},
  title =         {Streaming {IN} {H}adoop: {Y}ahoo! release
                   {S}torm-{YARN} - {H}ortonworks},
  year =          {2013},
}

@misc{web_hortonworks_blog,
  author =        {Evans, Bobby and Feng, Andy},
  howpublished =
  {\url{https://developer.yahoo.com/blogs/ydn/storm-yarn-released-open-source-143745133.html}},
  journal =       {Yahoo Developer Network},
  title =         {Storm-{YARN} {R}eleased as {O}pen {S}ource},
  year =          {2013},
}

@article{jones2013process,
  author =        {Jones, M Tim},
  journal =       {IBM Technical Library},
  title =         {Process real-time big data with Twitter Storm},
  year =          {2013},
}

@misc{About8:online,
  howpublished =
  {\url{https://storm.apache.org/about/multi-language.html}},
  note =          {(Visited on 2015-05-12)},
  title =         {About Storm},
  year =          {2014},
}

@article{slee2007thrift,
  author =        {Slee, Mark and Agarwal, Aditya and Kwiatkowski, Marc},
  journal =       {Facebook White Paper},
  number =        {8},
  title =         {Thrift: Scalable cross-language services
                   implementation},
  volume =        {5},
  year =          {2007},
}

@article{armbrustspark,
  author =        {Armbrust, Michael and Xin, Reynold S and Lian, Cheng and
                   Huai, Yin and Liu, Davies and Bradley, Joseph K and
                   Meng, Xiangrui and Kaftan, Tomer and
                   Franklin, Michael J and Ghodsi, Ali and others},
  title =         {Spark SQL: Relational Data Processing in Spark},
  year =          {2015},
}

@inproceedings{xin2013shark,
  author =        {Xin, Reynold S and Rosen, Josh and Zaharia, Matei and
                   Franklin, Michael J and Shenker, Scott and
                   Stoica, Ion},
  booktitle =     {Proceedings of the 2013 ACM SIGMOD International
                   Conference on Management of data},
  organization =  {ACM},
  pages =         {13--24},
  title =         {Shark: SQL and rich analytics at scale},
  year =          {2013},
}

@inproceedings{sparks2013mli,
  author =        {Sparks, Evan R and Talwalkar, Ameet and
                   Smith, Virginia and Kottalam, Jey and Pan, Xinghao and
                   Gonzalez, Joseph and Franklin, Michael J and
                   Jordan, Michael I and Kraska, Tim},
  booktitle =     {Data Mining (ICDM), 2013 IEEE 13th International
                   Conference on},
  organization =  {IEEE},
  pages =         {1187--1192},
  title =         {MLI: An API for distributed machine learning},
  year =          {2013},
}

@techreport{zaharia2012discretized,
  author =        {Zaharia, Matei and Das, Tathagata and Li, Haoyuan and
                   Hunter, Timothy and Shenker, Scott and Stoica, Ion},
  institution =   {DTIC Document},
  title =         {Discretized streams: A fault-tolerant model for
                   scalable stream processing},
  year =          {2012},
}

@inproceedings{zaharia2013discretized,
  author =        {Zaharia, Matei and Das, Tathagata and Li, Haoyuan and
                   Hunter, Timothy and Shenker, Scott and Stoica, Ion},
  booktitle =     {Proceedings of the Twenty-Fourth ACM Symposium on
                   Operating Systems Principles},
  organization =  {ACM},
  pages =         {423--438},
  title =         {Discretized streams: Fault-tolerant streaming
                   computation at scale},
  year =          {2013},
}

@misc{web_slideshare_b,
  author =        {Goetz, P. Taylor},
  howpublished =
  {\url{http://www.slideshare.net/ptgoetz/apache-storm-vs-spark-streaming}},
  journal =       {Slideshare.net},
  title =         {Apache {S}torm {V}s. {S}park {S}treaming},
  year =          {2014},
}

@misc{web_spark_conviva,
  author =        {Joseph, Dilip},
  howpublished =
  {\url{http://www.conviva.com/using-spark-and-hive-to-process-bigdata-at-conviva/}},
  journal =       {Conviva},
  title =         {Using {S}park and {H}ive to process {B}ig{D}ata at
                   {C}onviva},
  year =          {2011},
}

@inproceedings{zaharia2012fast,
  author =        {Zaharia, Matei and Chowdhury, Mosharaf and
                   Das, Tathagata and Dave, Ankur and Ma, Justin and
                   Mccauley, Murphy and Franklin, M and Shenker, Scott and
                   Stoica, Ion},
  organization =  {USENIX},
  title =         {Fast and interactive analytics over Hadoop data with
                   Spark},
  year =          {2012},
}

@misc{web_spark_mmp,
  author =        {Traffic.berkeley.edu,},
  howpublished =  {\url{http://traffic.berkeley.edu/project}},
  title =         {History of the {P}roject | {M}obile {M}illennium},
  year =          {2014},
}

@inproceedings{hunter2011scaling,
  author =        {Hunter, Timothy and Moldovan, Teodor and
                   Zaharia, Matei and Merzgui, Samy and Ma, Justin and
                   Franklin, Michael J and Abbeel, Pieter and
                   Bayen, Alexandre M},
  booktitle =     {Proceedings of the 2nd ACM Symposium on Cloud
                   Computing},
  organization =  {ACM},
  pages =         {28},
  title =         {Scaling the Mobile Millennium system in the cloud},
  year =          {2011},
}

@misc{Spark5:online,
  howpublished =
  {\url{https://spark.apache.org/docs/1.3.1/streaming-programming-guide.html}},
  note =          {(Visited on 2015-05-12)},
  title =         {Spark Streaming - Spark 1.3.1 Documentation},
  year =          {2015},
}

@misc{web_samza,
  author =        {Samza.incubator.apache.org,},
  howpublished =  {\url{https://samza.incubator.apache.org/}},
  title =         {Samza},
  year =          {2014},
}

@inproceedings{kreps2011kafka,
  author =        {Kreps, Jay and Narkhede, Neha and Rao, Jun and
                   others},
  booktitle =     {Proceedings of the NetDB},
  title =         {Kafka: A distributed messaging system for log
                   processing},
  year =          {2011},
}

@article{bockermann2014survey,
  author =        {Bockermann, Christian},
  title =         {A Survey of the Stream Processing Landscape},
  year =          {2014},
}

@article{yangradstack,
  author =        {Yang, Fangjin and Merlino, Gian and
                   L{\'e}aut{\'e}, Xavier},
  title =         {The RADStack: Open Source Lambda Architecture for
                   Interactive Analytics},
  year =          {2015},
}

@misc{Samza6:online,
  howpublished =
  {\url{https://samza.apache.org/learn/documentation/0.9/api/overview.html}},
  note =          {(Visited on 2015-05-12)},
  title =         {Samza - API Overview},
  year =          {2015},
}

@inproceedings{neumeyer2010s4,
  author =        {Neumeyer, Leonardo and Robbins, Bruce and Nair, Anish and
                   Kesari, Anand},
  booktitle =     {Data Mining Workshops (ICDMW), 2010 IEEE
                   International Conference on},
  organization =  {IEEE},
  pages =         {170--177},
  title =         {S4: Distributed stream computing platform},
  year =          {2010},
}

@inproceedings{hunt2010zookeeper,
  author =        {Hunt, Patrick and Konar, Mahadev and
                   Junqueira, Flavio Paiva and Reed, Benjamin},
  booktitle =     {USENIX Annual Technical Conference},
  pages =         {9},
  title =         {ZooKeeper: Wait-free Coordination for Internet-scale
                   Systems.},
  volume =        {8},
  year =          {2010},
}

@inproceedings{chauhan2012performance,
  author =        {Chauhan, Jagmohan and Chowdhury, Shaiful Alam and
                   Makaroff, Dwight},
  booktitle =     {P2P, Parallel, Grid, Cloud and Internet Computing
                   (3PGCIC), 2012 Seventh International Conference on},
  organization =  {IEEE},
  pages =         {58--65},
  title =         {Performance evaluation of Yahoo! S4: A first look},
  year =          {2012},
}

@article{stonebraker_8_2005,
  author =        {Stonebraker, Michael and \c{C}etintemel, Ugur and
                   Zdonik, Stan},
  journal =       {{ACM} {SIGMOD} Record},
  number =        {4},
  pages =         {42--47},
  title =         {The 8 requirements of real-time stream processing},
  volume =        {34},
  year =          {2005},
  url =           {http://dl.acm.org.ezproxy.lib.monash.edu.au/
                  citation.cfm?id=1107504},
}

@misc{web_slideshare_a,
  author =        {Evans, Bobby and Graves, Tom},
  howpublished =
  {\url{http://www.slideshare.net/ChicagoHUG/yahoo-compares-storm-and-spark}},
  journal =       {Slideshare.net},
  title =         {Yahoo compares {S}torm and {S}park},
  year =          {2014},
}

@misc{Samza:doc,
  howpublished =
  {\url{https://samza.apache.org/learn/documentation/0.9/}},
  note =          {(Visited on 06/01/2015)},
  title =         {Samza - {D}ocumentation},
  year =          {2015},
}

@misc{web:apache-top-samza,
  howpublished =
  {\url{https://blogs.apache.org/foundation/entry/the_apache_software_foundation_announces71}},
  month =         {January},
  note =          {(Visited on 06/09/2015)},
  title =         {The {A}pache {S}oftware {F}oundation {A}nnounces
                   {A}pache\texttrademark {S}amza\texttrademark as a
                   {T}op-{L}evel {P}roject : {T}he {A}pache {S}oftware
                   {F}oundation {B}log},
  year =          {2015},
}

@misc{web:storm-trident,
  howpublished =
  {\url{https://storm.apache.org/documentation/Trident-API-Overview.html}},
  note =          {(Visited on 06/09/2015)},
  title =         {Trident {API} {O}verview},
  year =          {2014},
}

@misc{web:sparksql,
  howpublished =  {\url{https://spark.apache.org/sql/}},
  note =          {(Visited on 06/09/2015)},
  title =         {Spark {SQL} | {A}pache {S}park},
  year =          {2015},
}

@misc{web:spark-downloads,
  howpublished =  {\url{https://spark.apache.org/downloads.html}},
  month =         {April},
  note =          {(Visited on 06/09/2015)},
  title =         {Downloads | {A}pache {S}park},
  year =          {2015},
}

